%% LaTeX2e file `test.bib'
%% generated by the `filecontents' environment
%% from source `Robert_Burnet_20465122_phys_474_assignment_1' on 2016/09/11.
%%
@book{Labov1972,
    Address = {Philadelphia},
    Author = {William Labov},
    Publisher = {University of Pennsylvania Press},
    Title = {Sociolinguistic Patterns},
    Year = {1972}}

@book{Chomsky1957,
    Address = {The Hague},
    Author = {Noam Chomsky},
    Publisher = {Mouton},
    Title = {Syntactic Structures},
    Year = {1957}}
